%% This BibTeX bibliography file was created using BibDesk.
%% http://bibdesk.sourceforge.net/

%% Created for Daniel Schmider at 2018-04-02 22:59:48 +0200 


%% Saved with string encoding Unicode (UTF-8) 



@url{djoserpack,
	Date-Added = {2018-04-02 20:59:08 +0000},
	Date-Modified = {2018-04-02 20:59:48 +0000},
	Title = {Djoser, REST implementation of Django authentication system},
	Url = {https://github.com/sunscrapers/djoser}}

@electronic{ZHGeoM,
	Date-Added = {2018-04-02 20:41:04 +0000},
	Date-Modified = {2018-04-02 20:41:39 +0000},
	Title = {Geometadaten GIS-ZH - GeoLion},
	Url = {http://www.parcs.ch/wpz/pdf_public/2013/9601_20131015_131512_gds_110.pdf}}

@url{GeoLookup,
	Date-Added = {2018-04-02 20:39:18 +0000},
	Date-Modified = {2018-04-02 20:40:39 +0000},
	Title = {GeoJson Geometry Lookup},
	Url = {https://github.com/simonepri/geojson-geometries-lookup}}

@webpage{PluCo,
	Date-Added = {2018-04-02 20:25:15 +0000},
	Date-Modified = {2018-04-02 20:28:01 +0000},
	Title = {Plus Codes Webseite fuer Developer},
	Url = {https://plus.codes/developers}}

@misc{VueSFC,
	Date-Added = {2018-04-02 13:25:45 +0000},
	Date-Modified = {2018-04-02 13:34:20 +0000},
	Title = {Vue Single File Components},
	Url = {https://vuejs.org/v2/guide/single-file-components.html}}

@url{ServiceWorkers,
	Date-Added = {2017-05-29 04:10:43 +0000},
	Date-Modified = {2018-02-26 22:49:34 +0000},
	Title = {Introduction to Service Worker: How to use Service Worker - HTML5 Rocks.},
	Url = {https://developers.google.com/web/fundamentals/primers/service-workers/},
	Bdsk-Url-1 = {http://esw.w3.org/topic/SparqlEndpoints}}
